@article{candes2018panning,
  title={Panning for gold:‘model-X’knockoffs for high dimensional controlled variable selection},
  author={Candes, Emmanuel and Fan, Yingying and Janson, Lucas and Lv, Jinchi},
  journal={Journal of the Royal Statistical Society Series B: Statistical Methodology},
  volume={80},
  number={3},
  pages={551--577},
  year={2018},
  publisher={Oxford University Press}
}